%% This BibTeX bibliography file was created using BibDesk.
%% https://bibdesk.sourceforge.io/

%% Created for Myrthe Veenman at 2021-09-28 11:18:57 +0200 


%% Saved with string encoding Unicode (UTF-8) 



@manual{R-base,
	address = {Vienna, Austria},
	author = {{R Core Team}},
	organization = {R Foundation for Statistical Computing},
	title = {R: A Language and Environment for Statistical Computing},
	url = {https://www.R-project.org/},
	year = {2019},
	Bdsk-Url-1 = {https://www.R-project.org/}}

@manual{R-papaja,
	author = {Frederik Aust and Marius Barth},
	note = {R package version 0.1.0.9842},
	title = {{papaja}: {Create} {APA} manuscripts with {R Markdown}},
	url = {https://github.com/crsh/papaja},
	year = {2018},
	Bdsk-Url-1 = {https://github.com/crsh/papaja}}

@book{R-ggplot2,
	author = {Hadley Wickham},
	isbn = {978-3-319-24277-4},
	publisher = {Springer-Verlag New York},
	title = {ggplot2: Elegant Graphics for Data Analysis},
	url = {https://ggplot2.tidyverse.org},
	year = {2016},
	Bdsk-Url-1 = {https://ggplot2.tidyverse.org}}

@book{R-knitr,
	address = {Boca Raton, Florida},
	author = {Yihui Xie},
	edition = {2nd},
	note = {ISBN 978-1498716963},
	publisher = {Chapman and Hall/CRC},
	title = {Dynamic Documents with {R} and knitr},
	url = {https://yihui.name/knitr/},
	year = {2015},
	Bdsk-Url-1 = {https://yihui.name/knitr/}}

@article{R-brms_a,
	author = {Paul-Christian B{\"u}rkner},
	doi = {10.18637/jss.v080.i01},
	encoding = {UTF-8},
	journal = {Journal of Statistical Software},
	number = {1},
	pages = {1--28},
	title = {{brms}: An {R} Package for {Bayesian} Multilevel Models Using {Stan}},
	volume = {80},
	year = {2017},
	Bdsk-Url-1 = {https://doi.org/10.18637/jss.v080.i01}}

@article{R-brms_b,
	author = {Paul-Christian B{\"u}rkner},
	doi = {10.32614/RJ-2018-017},
	encoding = {UTF-8},
	journal = {The R Journal},
	number = {1},
	pages = {395--411},
	title = {Advanced {Bayesian} Multilevel Modeling with the {R} Package {brms}},
	volume = {10},
	year = {2018},
	Bdsk-Url-1 = {https://doi.org/10.32614/RJ-2018-017}}

@manual{R-LaplacesDemon,
	author = {{Statisticat} and {LLC.}},
	note = {R package version 16.1.4},
	publisher = {Bayesian-Inference.com},
	title = {LaplacesDemon: Complete Environment for {{Bayesian}} Inference},
	url = {https://web.archive.org/web/20150206004624/http://www.bayesian-inference.com/software},
	year = {2020},
	Bdsk-Url-1 = {https://web.archive.org/web/20150206004624/http://www.bayesian-inference.com/software}}

@article{R-Rcpp_a,
	author = {Dirk Eddelbuettel and Romain Fran\c{c}ois},
	doi = {10.18637/jss.v040.i08},
	journal = {Journal of Statistical Software},
	number = {8},
	pages = {1--18},
	title = {{Rcpp}: Seamless {R} and {C++} Integration},
	url = {http://www.jstatsoft.org/v40/i08/},
	volume = {40},
	year = {2011},
	Bdsk-Url-1 = {http://www.jstatsoft.org/v40/i08/},
	Bdsk-Url-2 = {https://doi.org/10.18637/jss.v040.i08}}

@article{R-Rcpp_b,
	author = {Dirk Eddelbuettel and James Joseph Balamuta},
	doi = {10.7287/peerj.preprints.3188v1},
	issn = {2167-9843},
	journal = {PeerJ Preprints},
	month = {aug},
	pages = {e3188v1},
	title = {{Extending 	extit{R} with 	extit{C++}: A Brief Introduction to 	extit{Rcpp}}},
	url = {https://doi.org/10.7287/peerj.preprints.3188v1},
	volume = {5},
	year = {2017},
	Bdsk-Url-1 = {https://doi.org/10.7287/peerj.preprints.3188v1}}

@misc{R-rstan,
	author = {{Stan Development Team}},
	note = {R package version 2.19.2},
	title = {{RStan}: the {R} interface to {Stan}},
	url = {http://mc-stan.org/},
	year = {2019},
	Bdsk-Url-1 = {http://mc-stan.org/}}

@misc{R-StanHeaders,
	author = {{Stan Development Team}},
	note = {R package version 2.19.0},
	title = {{StanHeaders}: Headers for the {R} interface to {Stan}},
	url = {http://mc-stan.org/},
	year = {2019},
	Bdsk-Url-1 = {http://mc-stan.org/}}

@manual{R-ggridges,
	author = {Claus O. Wilke},
	note = {R package version 0.5.1},
	title = {ggridges: Ridgeline Plots in 'ggplot2'},
	url = {https://CRAN.R-project.org/package=ggridges},
	year = {2018},
	Bdsk-Url-1 = {https://CRAN.R-project.org/package=ggridges}}

@manual{R-gridExtra,
	author = {Baptiste Auguie},
	note = {R package version 2.3},
	title = {gridExtra: Miscellaneous Functions for "Grid" Graphics},
	url = {https://CRAN.R-project.org/package=gridExtra},
	year = {2017},
	Bdsk-Url-1 = {https://CRAN.R-project.org/package=gridExtra}}

@manual{R-parSim,
	author = {Sacha Epskamp},
	note = {R package version 0.1.1},
	title = {parSim: Parallel Simulation Studies},
	url = {https://CRAN.R-project.org/package=parSim},
	year = {2019},
	Bdsk-Url-1 = {https://CRAN.R-project.org/package=parSim}}

@manual{R-BayesFactor,
	author = {Morey, Richard D. and Rouder, Jeffrey N.},
	note = {R package version 0.9.12-4.2},
	title = {BayesFactor: Computation of Bayes Factors for Common Designs},
	url = {https://CRAN.R-project.org/package=BayesFactor},
	year = {2018},
	Bdsk-Url-1 = {https://CRAN.R-project.org/package=BayesFactor}}

@article{R-coda,
	author = {Martyn Plummer and Nicky Best and Kate Cowles and Karen Vines},
	journal = {R News},
	number = {1},
	pages = {7--11},
	pdf = {https://www.r-project.org/doc/Rnews/Rnews_2006-1.pdf},
	title = {CODA: Convergence Diagnosis and Output Analysis for MCMC},
	url = {https://journal.r-project.org/archive/},
	volume = {6},
	year = {2006},
	Bdsk-Url-1 = {https://journal.r-project.org/archive/}}

@manual{R-Matrix,
	author = {Douglas Bates and Martin Maechler},
	note = {R package version 1.2-17},
	title = {Matrix: Sparse and Dense Matrix Classes and Methods},
	url = {https://CRAN.R-project.org/package=Matrix},
	year = {2019},
	Bdsk-Url-1 = {https://CRAN.R-project.org/package=Matrix}}

@article{lunn2009bugs,
	author = {Lunn, David and Spiegelhalter, David and Thomas, Andrew and Best, Nicky},
	journal = {Statistics in medicine},
	number = {25},
	pages = {3049--3067},
	publisher = {Wiley Online Library},
	title = {The BUGS project: Evolution, critique and future directions},
	volume = {28},
	year = {2009}}

@inproceedings{plummer2003jags,
	author = {Plummer, Martyn},
	booktitle = {Proceedings of the 3rd international workshop on distributed statistical computing},
	number = {125.10},
	organization = {Vienna, Austria.},
	pages = {1--10},
	title = {JAGS: A program for analysis of {{Bayesian}} graphical models using {{Gibbs}} sampling},
	volume = {124},
	year = {2003}}

@article{carpenter2017stan,
	author = {Carpenter, Bob and Gelman, Andrew and Hoffman, Matthew D and Lee, Daniel and Goodrich, Ben and Betancourt, Michael and Brubaker, Marcus and Guo, Jiqiang and Li, Peter and Riddell, Allen},
	journal = {Journal of statistical software},
	number = {1},
	publisher = {Columbia Univ., New York, NY (United States); Harvard Univ., Cambridge, MA~{\ldots}},
	title = {Stan: A probabilistic programming language},
	volume = {76},
	year = {2017}}

@article{R-circlize,
	author = {Zuguang Gu and Lei Gu and Roland Eils and Matthias Schlesner and Benedikt Brors},
	issue = {19},
	journal = {Bioinformatics},
	pages = {2811-2812},
	title = {circlize implements and enhances circular visualization in {{R}}},
	volume = {30},
	year = {2014}}

@manual{R-unikn,
	address = {Konstanz, Germany},
	author = {Hansj{\"o}rg Neth and Nico Gradwohl},
	note = {R package (version 0.2.0, September 25, 2019)},
	organization = {Social Psychology and Decision Sciences, University of Konstanz},
	title = {unikn: Graphical elements of the University of Konstanz's corporate design},
	url = {https://CRAN.R-project.org/package=unikn},
	year = {2019},
	Bdsk-Url-1 = {https://CRAN.R-project.org/package=unikn}}

@article{haaf2017developing,
	author = {Haaf, Julia M and Rouder, Jeffrey N},
	journal = {Psychological methods},
	number = {4},
	pages = {779},
	publisher = {American Psychological Association},
	title = {Developing constraint in {{Bayesian}} mixed models.},
	volume = {22},
	year = {2017}}

@article{wagenmakers2018bayesian,
	author = {Wagenmakers, Eric-Jan and Marsman, Maarten and Jamil, Tahira and Ly, Alexander and Verhagen, Josine and Love, Jonathon and Selker, Ravi and Gronau, Quentin F and {\v{S}}m{\'\i}ra, Martin and Epskamp, Sacha and others},
	journal = {Psychonomic bulletin \& review},
	number = {1},
	pages = {35--57},
	publisher = {Springer},
	title = {Bayesian inference for psychology. Part I: Theoretical advantages and practical ramifications},
	volume = {25},
	year = {2018}}

@article{R-crch_a,
	author = {Jakob W. Messner and Georg J. Mayr and Achim Zeileis},
	journal = {The R Journal},
	number = {1},
	pages = {173--181},
	title = {Heteroscedastic Censored and Truncated Regression with {crch}},
	url = {https://journal.r-project.org/archive/2016-1/messner-mayr-zeileis.pdf},
	volume = {8},
	year = {2016},
	Bdsk-Url-1 = {https://journal.r-project.org/archive/2016-1/messner-mayr-zeileis.pdf}}

@article{R-crch_b,
	author = {Jakob W. Messner and Georg J. Mayr and Achim Zeileis},
	doi = {10.1175/MWR-D-16-0088.1},
	journal = {Monthly Weather Review},
	number = {1},
	pages = {137--147},
	title = {Non-Homogeneous Boosting for Predictor Selection in Ensemble Post-Processing.},
	volume = {145},
	year = {2017},
	Bdsk-Url-1 = {https://doi.org/10.1175/MWR-D-16-0088.1}}

@article{R-crch_c,
	author = {Jakob W. Messner and Achim Zeileis and Jochen Broecker and Georg J. Mayr},
	doi = {10.1002/we.1666},
	journal = {Wind Energy},
	number = {11},
	pages = {1753--1766},
	title = {Probabilistic Wind Power Forecasts with an Inverse Power Curve Transformation and Censored Regression},
	volume = {17},
	year = {2014},
	Bdsk-Url-1 = {https://doi.org/10.1002/we.1666}}

@article{R-crch_d,
	author = {Jakob W. Messner and Georg J. Mayr and Achim Zeileis and Daniel S. Wilks},
	doi = {10.1175/MWR-D-13-00271.1},
	journal = {Monthly Weather Review},
	number = {1},
	pages = {448--456},
	title = {Heteroscedastic Extended Logistic Regression for Postprocessing of Ensemble Guidance},
	volume = {142},
	year = {2014},
	Bdsk-Url-1 = {https://doi.org/10.1175/MWR-D-13-00271.1}}

@article{gelman2006prior,
	author = {Gelman, Andrew},
	journal = {Bayesian analysis},
	number = {3},
	pages = {515--534},
	publisher = {International Society for Bayesian Analysis},
	title = {Prior distributions for variance parameters in hierarchical models (comment on article by {{Browne}} and {{Draper}})},
	volume = {1},
	year = {2006}}

@article{rouder2016there,
	author = {Rouder, Jeffrey N and Morey, Richard D and Verhagen, Josine and Province, Jordan M and Wagenmakers, Eric-Jan},
	journal = {Topics in Cognitive Science},
	number = {3},
	pages = {520--547},
	publisher = {Wiley Online Library},
	title = {Is there a free lunch in inference?},
	volume = {8},
	year = {2016}}

@article{van2019jasp,
  title = {The {{JASP Guidelines}} for {{Conducting}} and {{Reporting}} a {{Bayesian Analysis}}},
  author = {{van Doorn}, Johnny and {van den Bergh}, Don and Bohm, Udo and Dablander, Fabian and Derks, Koen and Draws, Tim and Etz, Alexander and Evans, Nathan J. and Gronau, Quentin Frederik and Haaf, Julia M. and Hinne, Max and Kucharsk{\'y}, {\v S}imon and Ly, Alexander and Marsman, Maarten and Matzke, Dora and Raj, Akash and Sarafoglou, Alexandra and Stefan, Angelika and Voelkel, Jan G. and Wagenmakers, Eric-Jan},
  year = {2019},
  journal = {PsyArXiv Preprint},
  doi = {10.31234/osf.io/yqxfr}
}

@article{roos2015sensitivity,
	author = {Roos, Ma{\l}gorzata and Martins, Thiago G and Held, Leonhard and Rue, H{\aa}vard},
	journal = {Bayesian Analysis},
	number = {2},
	pages = {321--349},
	publisher = {International Society for Bayesian Analysis},
	title = {Sensitivity analysis for {{Bayesian}} hierarchical models},
	volume = {10},
	year = {2015}}
	
@article{vehtari2019rank,
  title={Rank-normalization, folding, and localization: An improved Rhat for assessing convergence of MCMC (with discussion)},
  author={Vehtari, Aki and Gelman, Andrew and Simpson, Daniel and Carpenter, Bob and B{\"u}rkner, Paul-Christian},
  journal={Bayesian analysis},
  volume={16},
  number={2},
  pages={667--718},
  year={2021},
  publisher={International Society for Bayesian Analysis}}

@manual{R-foreign,
	author = {{R Core Team}},
	note = {R package version 0.8-71},
	title = {foreign: Read Data Stored by 'Minitab', 'S', 'SAS', 'SPSS', 'Stata', 'Systat', 'Weka', 'dBase', ...},
	url = {https://CRAN.R-project.org/package=foreign},
	year = {2018},
	Bdsk-Url-1 = {https://CRAN.R-project.org/package=foreign}}

@manual{R-tibble,
	author = {Kirill M{\"u}ller and Hadley Wickham},
	note = {R package version 2.1.3},
	title = {tibble: Simple Data Frames},
	url = {https://CRAN.R-project.org/package=tibble},
	year = {2019},
	Bdsk-Url-1 = {https://CRAN.R-project.org/package=tibble}}

@article{R-plyr,
	author = {Hadley Wickham},
	journal = {Journal of Statistical Software},
	number = {1},
	pages = {1--29},
	title = {The Split-Apply-Combine Strategy for Data Analysis},
	url = {http://www.jstatsoft.org/v40/i01/},
	volume = {40},
	year = {2011},
	Bdsk-Url-1 = {http://www.jstatsoft.org/v40/i01/}}

@misc{jeffreys1961theory,
	author = {Jeffreys, H},
	title = {Theory of probability.,(Oxford University Press: Oxford, UK)},
	year = {1961}}

@article{gronau2017tutorial,
	author = {Gronau, Quentin F and Sarafoglou, Alexandra and Matzke, Dora and Ly, Alexander and Boehm, Udo and Marsman, Maarten and Leslie, David S and Forster, Jonathan J and Wagenmakers, Eric-Jan and Steingroever, Helen},
	journal = {Journal of mathematical psychology},
	pages = {80--97},
	publisher = {Elsevier},
	title = {A tutorial on bridge sampling},
	volume = {81},
	year = {2017}}

@article{dickey1970weighted,
  title = {The Weighted Likelihood Ratio, Sharp Hypotheses about Chances, the Order of a {{Markov}} Chain},
  author = {Dickey, J. M. and Lientz, B. P.},
  year = {1970},
  journal = {The Annals of Mathematical Statistics},
  volume = {41},
  pages = {214--226}
}

@article{wagenmakers2010bayesian,
	author = {Wagenmakers, Eric-Jan and Lodewyckx, Tom and Kuriyal, Himanshu and Grasman, Raoul},
	journal = {Cognitive psychology},
	number = {3},
	pages = {158--189},
	publisher = {Elsevier},
	title = {Bayesian hypothesis testing for psychologists: A tutorial on the {{Savage--Dickey}} method},
	volume = {60},
	year = {2010}}

@article{morey2011using,
	author = {Morey, Richard D and Rouder, Jeffrey N and Pratte, Michael S and Speckman, Paul L},
	journal = {Journal of Mathematical Psychology},
	number = {5},
	pages = {368--378},
	publisher = {Elsevier},
	title = {Using MCMC chain outputs to efficiently estimate Bayes factors},
	volume = {55},
	year = {2011}}

@misc{lee2013bayesian,
	author = {Lee, MD and Wagenmakers, Eric-Jan},
	publisher = {New York, NY: Cambridge University Press},
	title = {Bayesian data analysis for cognitive science: A practical course},
	year = {2013}}

@article{kass1995bayes,
	author = {Kass, Robert E and Raftery, Adrian E},
	journal = {Journal of the american statistical association},
	number = {430},
	pages = {773--795},
	publisher = {Taylor \& Francis},
	title = {Bayes factors},
	volume = {90},
	year = {1995}}

@article{rouder2013hierarchical,
	author = {Rouder, Jeffrey N and Morey, Richard D and Pratte, Michael S},
	journal = {Practice},
	number = {5},
	pages = {10},
	title = {Hierarchical {{Bayesian}} models},
	volume = {1},
	year = {2013}}

@software{j_van_langen_2020_3715576,
	author = {J. van Langen},
	doi = {10.5281/zenodo.3715576},
	month = feb,
	publisher = {Zenodo},
	title = {Open-visualizations in R and Python},
	url = {https://doi.org/10.5281/zenodo.3715576},
	version = {v.1.0.4},
	year = 2020,
	Bdsk-Url-1 = {https://doi.org/10.5281/zenodo.3715576}}

@article{R-bridgesampling,
	author = {Quentin F. Gronau and Henrik Singmann and Eric-Jan Wagenmakers},
	doi = {10.18637/jss.v092.i10},
	journal = {Journal of Statistical Software},
	number = {10},
	pages = {1--29},
	title = {{bridgesampling}: An {R} Package for Estimating Normalizing Constants},
	volume = {92},
	year = {2020},
	Bdsk-Url-1 = {https://doi.org/10.18637/jss.v092.i10}}

@article{gelman1992inference,
	author = {Gelman, Andrew and Rubin, Donald B},
	journal = {Statistical science},
	number = {4},
	pages = {457--472},
	publisher = {Institute of Mathematical Statistics},
	title = {Inference from iterative simulation using multiple sequences},
	volume = {7},
	year = {1992}}

@article{sorensen2015bayesian,
	author = {Sorensen, Tanner and Vasishth, Shravan},
	journal = {arXiv preprint arXiv:1506.06201},
	title = {Bayesian linear mixed models using Stan: A tutorial for psychologists, linguists, and cognitive scientists},
	year = {2015}}

@book{gelman2013bayesian,
	author = {Gelman, Andrew and Carlin, John B and Stern, Hal S and Dunson, David B and Vehtari, Aki and Rubin, Donald B},
	publisher = {CRC press},
	title = {Bayesian data analysis},
	year = {2013}}

@article{heck2019caveat,
	author = {Heck, Daniel W},
	journal = {British Journal of Mathematical and Statistical Psychology},
	number = {2},
	pages = {316--333},
	publisher = {Wiley Online Library},
	title = {A caveat on the {{Savage--Dickey}} density ratio: The case of computing {{Bayes}} factors for regression parameters},
	volume = {72},
	year = {2019}}

@article{lee2011cognitive,
	author = {Lee, Michael D},
	journal = {Journal of Mathematical Psychology},
	number = {1},
	pages = {1--7},
	publisher = {Elsevier},
	title = {How cognitive modeling can benefit from hierarchical {{Bayesian}} models},
	volume = {55},
	year = {2011}}

@article{rouder2005introduction,
	author = {Rouder, Jeffrey N and Lu, Jun},
	journal = {Psychonomic bulletin \& review},
	number = {4},
	pages = {573--604},
	publisher = {Springer},
	title = {An introduction to {{Bayesian}} hierarchical models with an application in the theory of signal detection},
	volume = {12},
	year = {2005}}

@article{wright2009multilevel,
	author = {Wright, Daniel B and London, Kamala},
	journal = {British Journal of Mathematical and Statistical Psychology},
	number = {2},
	pages = {439--456},
	publisher = {Wiley Online Library},
	title = {Multilevel modelling: Beyond the basic applications},
	volume = {62},
	year = {2009}}

@article{kleiman2017understanding,
	author = {Kleiman, Evan},
	publisher = {PsyArXiv},
	title = {Understanding and analyzing multilevel data from real-time monitoring studies: An easily-accessible tutorial using R},
	year = {2017}}

@article{rodabaugh2017multilevel,
	author = {Rodabaugh, Emily and Moeyaert, Mariola},
	title = {Multilevel modeling of single-case data: An introduction and tutorial for the applied researcher},
	year = {2017}}

@book{lynch2007introduction,
	author = {Lynch, Scott M},
	publisher = {Springer Science \& Business Media},
	title = {Introduction to applied Bayesian statistics and estimation for social scientists},
	year = {2007}}

@article{lunn2000winbugs,
	author = {Lunn, David J and Thomas, Andrew and Best, Nicky and Spiegelhalter, David},
	journal = {Statistics and computing},
	number = {4},
	pages = {325--337},
	publisher = {Springer},
	title = {WinBUGS-a Bayesian modelling framework: concepts, structure, and extensibility},
	volume = {10},
	year = {2000}}

@article{shiffrin2008survey,
	author = {Shiffrin, Richard M and Lee, Michael D and Kim, Woojae and Wagenmakers, Eric-Jan},
	journal = {Cognitive Science},
	number = {8},
	pages = {1248--1284},
	publisher = {Wiley Online Library},
	title = {A survey of model evaluation approaches with a tutorial on hierarchical {{Bayesian}} methods},
	volume = {32},
	year = {2008}}
	
@article{schad2021toward,
  title={Toward a principled Bayesian workflow in cognitive science.},
  author={Schad, Daniel J and Betancourt, Michael and Vasishth, Shravan},
  journal={Psychological methods},
  volume={26},
  number={1},
  pages={103},
  year={2021},
  publisher={American Psychological Association}, 
  doi={10.1037/met0000275}
}

@article{rouder2005hierarchical,
	author = {Rouder, Jeffrey N and Lu, Jun and Speckman, Paul and Sun, DongChu and Jiang, Yi},
	journal = {Psychonomic Bulletin \& Review},
	number = {2},
	pages = {195--223},
	publisher = {Springer},
	title = {A hierarchical model for estimating response time distributions},
	volume = {12},
	year = {2005}}

@article{moyer1967time,
	author = {Moyer, Robert S and Landauer, Thomas K},
	journal = {Nature},
	number = {5109},
	pages = {1519--1520},
	publisher = {Springer},
	title = {Time required for judgements of numerical inequality},
	volume = {215},
	year = {1967}}

@article{smith1998distribution,
	author = {Smith, David G and Mewhort, DJK},
	journal = {Australian Journal of Psychology},
	number = {3},
	pages = {149--156},
	publisher = {Taylor \& Francis},
	title = {The distribution of latencies constrains theories of decision time: A test of the random-walk model using numeric comparison},
	volume = {50},
	year = {1998}}

@article{likert1932technique,
	author = {Likert, Rensis},
	journal = {Archives of psychology},
	title = {A technique for the measurement of attitudes.},
	year = {1932}}

@article{lindley1957statistical,
	author = {Lindley, Dennis V},
	journal = {Biometrika},
	number = {1/2},
	pages = {187--192},
	publisher = {JSTOR},
	title = {A statistical paradox},
	volume = {44},
	year = {1957}}

@article{hobert1996effect,
	author = {Hobert, James P and Casella, George},
	journal = {Journal of the American Statistical Association},
	number = {436},
	pages = {1461--1473},
	publisher = {Taylor \& Francis},
	title = {The effect of improper priors on {{Gibbs}} sampling in hierarchical linear mixed models},
	volume = {91},
	year = {1996}}

@misc{stan2018a,
	author = {{Stan Development Team}},
	title = {Stan Modeling Language Users Guide, Version 2.18.0},
	url = {https://mc-stan.org/docs/2_18/stan-users-guide},
	year = {2018},
	Bdsk-Url-1 = {https://mc-stan.org/docs/2_18/stan-users-guide}}

@article{rouder2009bayesian,
	author = {Rouder, Jeffrey N and Speckman, Paul L and Sun, Dongchu and Morey, Richard D and Iverson, Geoffrey},
	journal = {Psychonomic bulletin \& review},
	number = {2},
	pages = {225--237},
	publisher = {Springer},
	title = {Bayesian t tests for accepting and rejecting the null hypothesis},
	volume = {16},
	year = {2009}}

@article{van2018simple,
	author = {Van Ravenzwaaij, Don and Cassey, Pete and Brown, Scott D},
	journal = {Psychonomic bulletin \& review},
	number = {1},
	pages = {143--154},
	publisher = {Springer},
	title = {A simple introduction to {{Markov Chain Monte--Carlo}} sampling},
	volume = {25},
	year = {2018}}

@article{betancourt2015hamiltonian,
	author = {Betancourt, Michael and Girolami, Mark},
	journal = {Current trends in {{Bayesian}} methodology with applications},
	number = {30},
	pages = {2--4},
	publisher = {CRC Press Boca Raton, FL},
	title = {{{Hamiltonian Monte Carlo}} for hierarchical models},
	volume = {79},
	year = {2015}}

@article{chib1995marginal,
  title = {Marginal Likelihood from the {{Gibbs}} Output},
  author = {Chib, S.},
  year = {1995},
  journal = {Journal of the American Statistical Association},
  volume = {90},
  pages = {1313--1321}
  }

@article{hoffman2014no,
	author = {Hoffman, Matthew D and Gelman, Andrew},
	journal = {J. Mach. Learn. Res.},
	number = {1},
	pages = {1593--1623},
	title = {The No-U-Turn sampler: adaptively setting path lengths in {{Hamiltonian Monte Carlo}}.},
	volume = {15},
	year = {2014}}

@article{haaf2019capturing,
	author = {Haaf, Julia M and Klaassen, Fayette and Rouder, Jeffrey},
	publisher = {PsyArXiv},
	title = {Capturing ordinal theoretical constraint in psychological science},
	year = {2019}}

@misc{stan2018b,
	author = {{Stan Development Team}},
	title = {Stan Modeling Language Reference Manual, Version 2.18.0},
	url = {https://mc-stan.org/docs/2_18/reference-manual/},
	year = {2018},
	Bdsk-Url-1 = {https://mc-stan.org/docs/2_18/reference-manual/}}

@article{schramm2019reaction,
	author = {Schramm, Pele and Rouder, Jeffrey},
	publisher = {PsyArxiv},
	title = {Are Reaction Time Transformations Really Beneficial?},
	year = {2019}}

@manual{R-cowplot,
	author = {Claus O. Wilke},
	note = {R package version 1.0.0},
	title = {cowplot: Streamlined Plot Theme and Plot Annotations for 'ggplot2'},
	url = {https://CRAN.R-project.org/package=cowplot},
	year = {2019},
	Bdsk-Url-1 = {https://CRAN.R-project.org/package=cowplot}}

@manual{rjags2019,
	author = {Martyn Plummer},
	note = {R package version 4-10},
	title = {{{rjags: Bayesian}} Graphical Models using {{MCMC}}},
	url = {https://CRAN.R-project.org/package=rjags},
	year = {2019},
	Bdsk-Url-1 = {https://CRAN.R-project.org/package=rjags}}

@article{merkle2019bayesian,
	author = {Merkle, Edgar C and Furr, Daniel and Rabe-Hesketh, Sophia},
	journal = {Psychometrika},
	number = {3},
	pages = {802--829},
	publisher = {Springer},
	title = {Bayesian comparison of latent variable models: Conditional versus marginal likelihoods},
	volume = {84},
	year = {2019}}

@article{R-bayesplot,
	author = {Jonah Gabry and Daniel Simpson and Aki Vehtari and Michael Betancourt and Andrew Gelman},
	doi = {10.1111/rssa.12378},
	issue = {2},
	journal = {Journal of the Royal Statistical Society},
	pages = {389-402},
	title = {Visualization in {{Bayesian}} workflow},
	volume = {182},
	year = {2019},
	Bdsk-Url-1 = {https://doi.org/10.1111/rssa.12378}}

@manual{R-devtools,
	author = {Hadley Wickham and Jim Hester and Winston Chang},
	note = {R package version 2.2.1},
	title = {devtools: Tools to Make Developing R Packages Easier},
	url = {https://CRAN.R-project.org/package=devtools},
	year = {2019},
	Bdsk-Url-1 = {https://CRAN.R-project.org/package=devtools}}

@manual{R-dplyr,
	author = {Hadley Wickham and Romain Fran{\c c}ois and Lionel Henry and Kirill M{\"u}ller},
	note = {R package version 0.8.3},
	title = {dplyr: A Grammar of Data Manipulation},
	url = {https://CRAN.R-project.org/package=dplyr},
	year = {2019},
	Bdsk-Url-1 = {https://CRAN.R-project.org/package=dplyr}}

@manual{R-gghalves,
	author = {Frederik Tiedemann},
	note = {R package version 0.1.0},
	title = {gghalves: Compose Half-Half Plots Using Your Favourite Geoms},
	url = {https://github.com/erocoar/gghalves},
	year = {2020},
	Bdsk-Url-1 = {https://github.com/erocoar/gghalves}}

@article{R-ggmcmc,
	author = {Xavier Fern{\'a}ndez-i-Mar{\'i}n},
	doi = {10.18637/jss.v070.i09},
	journal = {Journal of Statistical Software},
	number = {9},
	pages = {1--20},
	title = {{ggmcmc}: Analysis of {MCMC} Samples and {B}ayesian Inference},
	volume = {70},
	year = {2016},
	Bdsk-Url-1 = {https://doi.org/10.18637/jss.v070.i09}}

@manual{R-kableExtra,
	author = {Hao Zhu},
	note = {R package version 1.1.0},
	title = {kableExtra: Construct Complex Table with 'kable' and Pipe Syntax},
	url = {https://CRAN.R-project.org/package=kableExtra},
	year = {2019},
	Bdsk-Url-1 = {https://CRAN.R-project.org/package=kableExtra}}

@book{R-lattice,
	address = {New York},
	author = {Deepayan Sarkar},
	note = {ISBN 978-0-387-75968-5},
	publisher = {Springer},
	title = {Lattice: Multivariate Data Visualization with R},
	url = {http://lmdvr.r-forge.r-project.org},
	year = {2008},
	Bdsk-Url-1 = {http://lmdvr.r-forge.r-project.org}}

@manual{R-readr,
	author = {Hadley Wickham and Jim Hester and Romain Francois},
	note = {R package version 1.3.1},
	title = {readr: Read Rectangular Text Data},
	url = {https://CRAN.R-project.org/package=readr},
	year = {2018},
	Bdsk-Url-1 = {https://CRAN.R-project.org/package=readr}}

@book{R-rmarkdown,
	address = {Boca Raton, Florida},
	author = {Yihui Xie and J.J. Allaire and Garrett Grolemund},
	note = {ISBN 9781138359338},
	publisher = {Chapman and Hall/CRC},
	title = {R Markdown: The Definitive Guide},
	url = {https://bookdown.org/yihui/rmarkdown},
	year = {2018},
	Bdsk-Url-1 = {https://bookdown.org/yihui/rmarkdown}}

@manual{R-Rmisc,
	author = {Ryan M. Hope},
	note = {R package version 1.5},
	title = {Rmisc: Rmisc: Ryan Miscellaneous},
	url = {https://CRAN.R-project.org/package=Rmisc},
	year = {2013},
	Bdsk-Url-1 = {https://CRAN.R-project.org/package=Rmisc}}

@manual{R-tidyr,
	author = {Hadley Wickham and Lionel Henry},
	note = {R package version 1.0.0},
	title = {tidyr: Tidy Messy Data},
	url = {https://CRAN.R-project.org/package=tidyr},
	year = {2019},
	Bdsk-Url-1 = {https://CRAN.R-project.org/package=tidyr}}

@manual{R-usethis,
	author = {Hadley Wickham and Jennifer Bryan},
	note = {R package version 1.5.1},
	title = {usethis: Automate Package and Project Setup},
	url = {https://CRAN.R-project.org/package=usethis},
	year = {2019},
	Bdsk-Url-1 = {https://CRAN.R-project.org/package=usethis}}

@misc{neff2018,
	author = {B. Carpenter},
	title = {We were measuring the speed of Stan incorrectly -- it's faster than we thought in some cases due to antithetical sampling [blog post]},
	url = {https://statmodeling.stat.columbia.edu/2018/01/18/ measuring-speed-stan-incorrectly-faster-thought-cases-due-antithetical-sampling/},
	year = {2018},
	Bdsk-Url-1 = {https://statmodeling.stat.columbia.edu/2018/01/18/%20measuring-speed-stan-incorrectly-faster-thought-cases-due-antithetical-sampling/}}

@manual{BayesFactor,
	author = {R. D. Morey},
	title = {Using the 'BayesFactor' package, version 0.9.2+ [manual]},
	url = {https://richarddmorey.github.io/BayesFactor/},
	year = {2018},
	Bdsk-Url-1 = {https://richarddmorey.github.io/BayesFactor/}}

@misc{rjags2017,
	author = {Naomi Schalken and Lion Behrens and Rens van de Schoot},
	title = {RJAGS: how to get started [blog post]},
	url = {https://www.rensvandeschoot.com/tutorials/rjags-how-to-get-started/},
	year = {2017},
	Bdsk-Url-1 = {https://www.rensvandeschoot.com/tutorials/rjags-how-to-get-started/}}

@article{R-lme4,
	author = {Douglas Bates and Martin M{\"a}chler and Ben Bolker and Steve Walker},
	doi = {10.18637/jss.v067.i01},
	journal = {Journal of Statistical Software},
	number = {1},
	pages = {1--48},
	title = {Fitting Linear Mixed-Effects Models Using {lme4}},
	volume = {67},
	year = {2015},
	Bdsk-Url-1 = {https://doi.org/10.18637/jss.v067.i01}}

@article{efron1977stein,
	author = {Efron, Bradley and Morris, Carl},
	journal = {Scientific American},
	number = {5},
	pages = {119--127},
	publisher = {JSTOR},
	title = {Stein's paradox in statistics},
	volume = {236},
	year = {1977}}

@manual{logspline,
	author = {Charles Kooperberg},
	note = {R package version 2.1.15},
	title = {logspline: Routines for Logspline Density Estimation},
	url = {https://CRAN.R-project.org/package=logspline},
	year = {2019},
	Bdsk-Url-1 = {https://CRAN.R-project.org/package=logspline}}

@manual{R-logspline,
	author = {Charles Kooperberg},
	note = {R package version 2.1.15},
	title = {logspline: Routines for Logspline Density Estimation},
	url = {https://CRAN.R-project.org/package=logspline},
	year = {2019},
	Bdsk-Url-1 = {https://CRAN.R-project.org/package=logspline}}

@article{van2021bayes,
  title = {Bayes Factors for Mixed Models},
  author = {{van Doorn}, Johnny and Aust, Frederik and Haaf, Julia M. and Stefan, Angelika and Wagenmakers, Eric-Jan},
  year = {2021},
  journal = {PsyArXiv Preprint},
  doi = {10.31234/osf.io/y65h8}
}

@article{aczel2018expert,
   title = {Expert Opinions on How to Conduct and Report {{Bayesian}} Inference},
  author = {Aczel, Balazs and Hoekstra, Rink and Gelman, Andrew and Wagenmakers, Eric-Jan and Kluglist, Irene G. and Rouder, Jeffrey N. and Vandekerckhove, Joachim and Lee, Michael David and Morey, Richard Donald and Vanpaemel, Wolf and Dienes, Zoltan and {van Ravenzwaaij}, Don},
  year = {2018},
  doi = {10.31234/osf.io/23m7f}
}

@article{etz2018introduction,
  title = {Introduction to {{Bayesian}} Inference for Psychology},
  author = {Etz, Alexander and Vandekerckhove, Joachim},
  year = {2018},
  journal = {Psychonomic Bulletin \& Review},
  volume = {25},
  number = {1},
  pages = {5--34},
  doi = {10.3758/s13423-017-1262-3}
}

@misc{Fink1997,
  title = {A Compendium of Conjugate Priors},
  author = {Fink, Daniel},
  year = {1997},
  howpublished = {https://www.johndcook.com/CompendiumOfConjugatePriors.pdf}
}

@article{Vehtari_2021,
   title={Rank-Normalization, Folding, and Localization: An Improved R\ˆ for Assessing Convergence of MCMC (with Discussion)},
   volume={16},
   ISSN={1936-0975},
   url={http://dx.doi.org/10.1214/20-BA1221},
   DOI={10.1214/20-ba1221},
   number={2},
   journal={Bayesian Analysis},
   publisher={Institute of Mathematical Statistics},
   author={Vehtari, Aki and Gelman, Andrew and Simpson, Daniel and Carpenter, Bob and Bürkner, Paul-Christian},
   year={2021},
   month={Jun}
}

@article{haaf2019some,
  title={Some do and some don’t? Accounting for variability of individual difference structures},
  author={Haaf, Julia M and Rouder, Jeffrey N},
  journal={Psychonomic bulletin \& review},
  volume={26},
  number={3},
  pages={772--789},
  year={2019},
  publisher={Springer}
}

@article{betancourt2018conceptual,
 title = {A {{Conceptual Introduction}} to {{Hamiltonian Monte Carlo}}},
  author = {Betancourt, Michael},
  year = {2018},
  journal={arXiv preprint arXiv:1701.02434},
}

@misc{nicenboim2021introduction,
  title={An introduction to {{Bayesian}} data analysis for cognitive science},
  author={Nicenboim, Bruno and Schad, DJ and Vasishth, Shravan},
  year={2021},
  url={https://vasishth.github.io/bayescogsci/book/},
  publisher={Under contract with Chapman and Hall/CRC Statistics in the Social and~…}
}

@article{roos2015sensitivity,
  title={Sensitivity analysis for {{Bayesian}} hierarchical models},
  author={Roos, Ma{\l}gorzata and Martins, Thiago G and Held, Leonhard and Rue, H{\aa}vard},
  journal={Bayesian Analysis},
  volume={10},
  number={2},
  pages={321--349},
  year={2015},
  publisher={International Society for Bayesian Analysis}
}

@article{Stefan_etal2021,
  title = {Expert Agreement in Prior Elicitation and Its Effects on {{Bayesian}} Inference},
  author = {Stefan, Angelika and Katsimpokis, Dimitris and Gronau, Quentin Frederik and Wagenmakers, Eric-Jan},
  year = {2021},
  journal = {PsyArXiv Preprint},
  doi = {10.31234/osf.io/8xkqd},
  copyright = {All rights reserved}
}

@Manual{R-truncnorm,
  title = {truncnorm: Truncated Normal Distribution},
  author = {Olaf Mersmann and Heike Trautmann and Detlef Steuer and Björn Bornkamp},
  year = {2018},
  note = {R package version 1.0-8},
  url = {https://CRAN.R-project.org/package=truncnorm},
}

@article{green2015bayesian,
  title={Bayesian computation: a summary of the current state, and samples backwards and forwards},
  author={Green, Peter J and {\L}atuszy{\'n}ski, Krzysztof and Pereyra, Marcelo and Robert, Christian P},
  journal={Statistics and Computing},
  volume={25},
  number={4},
  pages={835--862},
  year={2015},
  publisher={Springer}
} 

@article{rouder2018teaching,
  title={Teaching {{Bayes}}’ theorem: Strength of evidence as predictive accuracy},
  author={Rouder, Jeffrey N and Morey, Richard D},
  journal={The American Statistician},
  year={2018},
  publisher={Taylor \& Francis}
}

@article{rouder2018theories,
  title={From theories to models to predictions: A {{Bayesian}} model comparison approach},
  author={Rouder, Jeffrey N and Haaf, Julia M and Aust, Frederik},
  journal={Communication Monographs},
  volume={85},
  number={1},
  pages={41--56},
  year={2018},
  publisher={Taylor \& Francis}
}

@article{burkner2019ordinal,
  title={Ordinal regression models in psychology: A tutorial},
  author={B{\"u}rkner, Paul-Christian and Vuorre, Matti},
  journal={Advances in Methods and Practices in Psychological Science},
  volume={2},
  number={1},
  pages={77--101},
  year={2019},
  publisher={Sage Publications Sage CA: Los Angeles, CA}
}

@misc{schad2021workflow,
      title={Workflow Techniques for the Robust Use of Bayes Factors}, 
      author={Daniel J. Schad and Bruno Nicenboim and Paul-Christian Bürkner and Michael Betancourt and Shravan Vasishth},
      year={2021},
      eprint={2103.08744},
      archivePrefix={arXiv},
      primaryClass={stat.ME}
}

@article{meng1996simulating,
  title={Simulating ratios of normalizing constants via a simple identity: a theoretical exploration},
  author={Meng, Xiao-Li and Wong, Wing Hung},
  journal={Statistica Sinica},
  pages={831--860},
  year={1996},
  publisher={JSTOR}
}

@article{schonbrodt2017sequential,
  title={Sequential hypothesis testing with {{Bayes}} factors: Efficiently testing mean differences.},
  author={Sch{\"o}nbrodt, Felix D and Wagenmakers, Eric-Jan and Zehetleitner, Michael and Perugini, Marco},
  journal={Psychological methods},
  volume={22},
  number={2},
  pages={322},
  year={2017},
  publisher={American Psychological Association}
}

@article{rouder2014optional,
  title={Optional stopping: No problem for {{Bayesians}}},
  author={Rouder, Jeffrey N},
  journal={Psychonomic bulletin \& review},
  volume={21},
  number={2},
  pages={301--308},
  year={2014},
  publisher={Springer}
}

@article{rouder2018power,
  title={Power, dominance, and constraint: A note on the appeal of different design traditions},
  author={Rouder, Jeffrey N and Haaf, Julia M},
  journal={Advances in Methods and Practices in Psychological Science},
  volume={1},
  number={1},
  pages={19--26},
  year={2018},
  publisher={Sage Publications Sage CA: Los Angeles, CA}
}

@article{stefan2019tutorial,
  title={A tutorial on {{Bayes}} Factor Design Analysis using an informed prior},
  author={Stefan, Angelika M and Gronau, Quentin F and Sch{\"o}nbrodt, Felix D and Wagenmakers, Eric-Jan},
  journal={Behavior research methods},
  volume={51},
  number={3},
  pages={1042--1058},
  year={2019},
  publisher={Springer}
}

@MISC{Plummer03jagsa,
    author = {Martyn Plummer},
    title = {JAGS: A program for analysis of Bayesian graphical models using Gibbs sampling},
    year = {2003}
}

@article{gronau2019simple,
  title={A simple method for comparing complex models: {{Bayesian}} model comparison for hierarchical multinomial processing tree models using {{Warp}}-III bridge sampling},
  author={Gronau, Quentin F and Wagenmakers, Eric-Jan and Heck, Daniel W and Matzke, Dora},
  journal={Psychometrika},
  volume={84},
  number={1},
  pages={261--284},
  year={2019},
  publisher={Springer}
}

@article{schonbrodt2018bayes,
  title={Bayes factor design analysis: Planning for compelling evidence},
  author={Sch{\"o}nbrodt, Felix D and Wagenmakers, Eric-Jan},
  journal={Psychonomic bulletin \& review},
  volume={25},
  number={1},
  pages={128--142},
  year={2018},
  publisher={Springer}
}

@article{vasishth2021sample,
  title={Sample size determination for Bayesian hierarchical models commonly used in psycholinguistics},
  author={Vasishth, Shravan and Yadav, Himanshu and Schad, Daniel and Nicenboim, Bruno},
  year={2021},
  publisher={PsyArXiv}
} 

@article{hecht2021comparing,
  title={Comparing the MCMC Efficiency of JAGS and Stan for the Multi-Level Intercept-Only Model in the Covariance-and Mean-Based and Classic Parametrization},
  author={Hecht, Martin and Weirich, Sebastian and Zitzmann, Steffen},
  journal={Psych},
  volume={3},
  number={4},
  pages={751--779},
  year={2021},
  publisher={Multidisciplinary Digital Publishing Institute}
} 

@Manual{R-ggbeeswarm,
    title = {ggbeeswarm: Categorical Scatter (Violin Point) Plots},
    author = {Erik Clarke and Scott Sherrill-Mix},
    year = {2017},
    note = {R package version 0.6.0},
    url = {https://CRAN.R-project.org/package=ggbeeswarm},
  } 

@article{van2021simulation,
  title={Simulation studies as a tool to understand Bayes factors},
  author={van Ravenzwaaij, Don and Etz, Alexander},
  journal={Advances in Methods and Practices in Psychological Science},
  volume={4},
  number={1},
  pages={2515245920972624},
  year={2021},
  publisher={SAGE Publications Sage CA: Los Angeles, CA}, 
  doi={10.1177/2515245920972624}
}

@article{fink1997compendium,
  title={A compendium of conjugate priors},
  author={Fink, Daniel},
  year={1997},
  publisher={Citeseer}
}

@Misc{rstanarm2020,
  title = {rstanarm: {Bayesian} applied regression modeling via {Stan}.},
  author = {Ben Goodrich and Jonah Gabry and Imad Ali and Sam Brilleman},
  note = {R package version 2.21.1},
  year = {2020},
  url = {https://mc-stan.org/rstanarm},
}

@article{etz2018bayesian,
  title={Bayesian inference and testing any hypothesis you can specify},
  author={Etz, Alexander and Haaf, Julia M and Rouder, Jeffrey N and Vandekerckhove, Joachim},
  journal={Advances in Methods and Practices in Psychological Science},
  volume={1},
  number={2},
  pages={281--295},
  year={2018},
  publisher={Sage Publications Sage CA: Los Angeles, CA}
} 

@article{lee2018determining,
  title={Determining informative priors for cognitive models},
  author={Lee, Michael D and Vanpaemel, Wolf},
  journal={Psychonomic Bulletin \& Review},
  volume={25},
  number={1},
  pages={114--127},
  year={2018},
  publisher={Springer}
} 

@article{van2021bayes,
  title={Bayes factors for mixed models},
  author={van Doorn, Johnny and Aust, Frederik and Haaf, Julia M and Stefan, Angelika M and Wagenmakers, Eric-Jan},
  journal={Computational Brain \& Behavior},
  pages={1--13},
  year={2021},
  publisher={Springer}
}

@article{van2023bayes,
  title={Bayes Factors for Mixed Models: Perspective on Responses},
  author={van Doorn, Johnny and Aust, Frederik and Haaf, Julia M and Stefan, Angelika M and Wagenmakers, Eric-Jan},
  journal={Computational Brain \& Behavior},
  pages={1--13},
  year={2023},
  publisher={Springer}
}

@article{sarafoglou2021evaluating,
  title={Evaluating multinomial order restrictions with bridge sampling.},
  author={Sarafoglou, Alexandra and Haaf, Julia M and Ly, Alexander and Gronau, Quentin F and Wagenmakers, Eric-Jan and Marsman, Maarten},
  journal={Psychological methods},
  year={2021},
  publisher={American Psychological Association}
}










